<record><leader>00000cas a22000007a 4500</leader><controlfield tag="001">9301850</controlfield><controlfield tag="008">830311d1833183umauwr ne      0    0eng d</controlfield><controlfield tag="009">3768</controlfield><datafield ind1=" " ind2=" " tag="010"><subfield code="a">sn 83020222 </subfield></datafield><datafield ind1=" " ind2=" " tag="040"><subfield code="a">NPX</subfield><subfield code="b">eng</subfield><subfield code="c">NPX</subfield><subfield code="d">NPU</subfield><subfield code="d">DLC</subfield><subfield code="d">MGN</subfield><subfield code="d">UBY</subfield><subfield code="d">WIH</subfield><subfield code="d">OCLCF</subfield></datafield><datafield ind1=" " ind2=" " tag="042"><subfield code="a">msc</subfield></datafield><datafield ind1=" " ind2=" " tag="043"><subfield code="a">n-us-ma</subfield></datafield><datafield ind1="0" ind2=" " tag="130"><subfield code="a">Yeoman's gazette (Concord, Mass. : 1833)</subfield></datafield><datafield ind1="0" ind2="0" tag="245"><subfield code="a">Yeoman's gazette.</subfield></datafield><datafield ind1=" " ind2=" " tag="260"><subfield code="a">Concord, Mass. :</subfield><subfield code="b">Herman Atwill,</subfield><subfield code="c">1833-</subfield></datafield><datafield ind1=" " ind2=" " tag="300"><subfield code="a">v. ;</subfield><subfield code="c">55 cm.</subfield></datafield><datafield ind1=" " ind2=" " tag="310"><subfield code="a">Weekly</subfield></datafield><datafield ind1="0" ind2=" " tag="362"><subfield code="a">Vol. 18, no. 14 (Feb. 16, 1833)-</subfield></datafield><datafield ind1=" " ind2=" " tag="500"><subfield code="a">Anti-Masonic, 1833-1834; Whig, 1834.</subfield></datafield><datafield ind1=" " ind2=" " tag="500"><subfield code="a">Publisher: George F. Bemis, &lt;1834&gt;.</subfield></datafield><datafield ind1=" " ind2="0" tag="651"><subfield code="a">Concord (Mass.)</subfield><subfield code="v">Newspapers.</subfield></datafield><datafield ind1=" " ind2="7" tag="655"><subfield code="a">Newspapers.</subfield><subfield code="2">fast</subfield><subfield code="0">(OCoLC)fst01423814</subfield></datafield><datafield ind1=" " ind2="7" tag="651"><subfield code="a">Massachusetts</subfield><subfield code="z">Concord.</subfield><subfield code="2">fast</subfield><subfield code="0">(OCoLC)fst01204990</subfield></datafield><datafield ind1=" " ind2=" " tag="752"><subfield code="a">United States</subfield><subfield code="b">Massachusetts</subfield><subfield code="c">Middlesex</subfield><subfield code="d">Concord.</subfield></datafield><datafield ind1="0" ind2="0" tag="780"><subfield code="t">Yeoman's gazette, mechanic's journal &amp; Middlesex advertiser</subfield><subfield code="w">(DLC)sn 83020221</subfield></datafield><datafield ind1="0" ind2="0" tag="785"><subfield code="t">Yeoman's gazette and Middlesex Whig</subfield><subfield code="w">(DLC)sn 83020223</subfield></datafield></record>